@article{KM27,
  title     = {A contribution to the mathematical theory of epidemics},
  author    = {Kermack, William O and McKendrick, Anderson G},
  journal   = {Proc Roy Soc A},
  number    = {772},
  pages     = {700--721},
  volume    = {115},
  year      = {1927},
  publisher = {The Royal Society London}
}

@book{Li18,
  author    = {Li, Michael Y},
  publisher = {Springer},
  title     = {An introduction to mathematical modeling of infectious diseases},
  volume    = {2},
  year      = {2018}
}

@incollection{Bra08,
  title     = {Compartmental models in epidemiology},
  booktitle = {Mathematical epidemiology},
  author    = {Brauer, Fred},
  pages     = {19--79},
  year      = {2008},
  publisher = {Springer}
}

@book{Bri03,
  title     = {Essential mathematical biology},
  author    = {Britton, Nicholas F},
  volume    = {453},
  year      = {2003},
  publisher = {Springer}
}

@inbook{Bac11,
  author    = {Baca{\"e}r, Nicolas},
  title     = {McKendrick and Kermack on epidemic modelling (1926--1927)},
  booktitle = {A Short History of Mathematical Population Dynamics},
  year      = {2011},
  publisher = {Springer},
  pages     = {89--96}
}

@book{DHB13,
  title     = {Mathematical tools for understanding infectious disease dynamics},
  author    = {Diekmann, Odo and Heesterbeek, Hans and Britton, Tom},
  volume    = {7},
  year      = {2013},
  publisher = {Princeton University Press}
}

@book{Rob+07,
  title     = {An invitation to biomathematics},
  author    = {Robeva, Raina and Kirkwood, James R and Davies, Robin L and Farhy, Leon and Kovatchev, Boris and Straume, Martin and Johnson, Michael L},
  year      = {2007},
  publisher = {Academic press}
}

@book{Heu13,
  title     = {Gew{\"o}hnliche Differentialgleichungen: Einf{\"u}hrung in Lehre und Gebrauch},
  author    = {Heuser, Harro},
  year      = {2013},
  publisher = {Springer}
}

@article{Het00,
  title     = {The mathematics of infectious diseases},
  author    = {Hethcote, Herbert W},
  journal   = {SIAM review},
  number    = {4},
  pages     = {599--653},
  volume    = {42},
  year      = {2000},
  publisher = {SIAM}
}

@article{Wei13,
  title   = {The SIR model and the foundations of public health},
  author  = {Weiss, Howard H},
  journal = {Materials mathematics},
  pages   = {1--17},
  year    = {2013}
}

@misc{Sul12,
  title        = {SIR model},
  author       = {Sulsky, D},
  year         = {2012},
  howpublished = {\url{https://www.math.unm.edu/~sulsky/mathcamp/SIR.pdf}},
  note         = {(letzter Zugriff: 2. November 2022)}
}

@misc{Jon07,
  title        = {Notes on R0},
  author       = {Jones, James H},
  year         = {2007},
  howpublished = {\url{https://web.stanford.edu/~jhj1/teachingdocs/Jones-on-R0.pdf}},
  note         = {(letzter Zugriff: 2. November 2022)}
}

@misc{ECDC22,
  title        = {Latest evidence on COVID-19},
  author       = {{European Centre for Disease Prevention and Control}},
  year         = {2021},
  howpublished = {\url{https://www.ecdc.europa.eu/en/covid-19/latest-evidence/}},
  note         = {(letzter Zugriff: 2. November 2022)},
  shorthand    = {ECDC22}
}

@misc{RKI21,
  title        = {Epidemiologischer Steckbrief zu SARS-CoV-2 und COVID-19},
  author       = {{Robert Koch Institut}},
  year         = {2021},
  howpublished = {\url{https://www.rki.de/DE/Content/InfAZ/N/Neuartiges_Coronavirus/Steckbrief.html}},
  note         = {(letzter Zugriff: 2. November 2022)},
  shorthand    = {RKI21}
}

@misc{RKI22,
  title        = {SARS-CoV-2: Virologische Basisdaten sowie Virusvarianten},
  author       = {{Robert Koch Institut}},
  year         = {2022},
  howpublished = {\url{https://www.rki.de/DE/Content/InfAZ/N/Neuartiges_Coronavirus/Virologische_Basisdaten.html}},
  note         = {(letzter Zugriff: 2. November 2022)},
  shorthand    = {RKI22}
}

@article{Iul22,
  title    = {Trends in disease severity and health care utilization during the early Omicron variant period compared with previous SARS-CoV-2 high transmission periods -- United States, December 2020 -- January 2022},
  author   = {Iuliano, Danielle and Brunkard, Joan M and Boehmer, Tegan K and Peterson, Elisha and Adjei, Stacey and Binder, Alison M and Cobb, Stacy and Graff, Philip and Hidalgo, Pauline and Panaggio, Mark J and others},
  journal  = {Morbidity and Mortality Weekly Report},
  volume   = {71},
  number   = {4},
  pages    = {146--152},
  year     = {2022},
  addendum = {Centers for Disease Control and Prevention}
}

@misc{Hei22,
  title        = {SARS-CoV-2-Nowcasting und R-Sch{\"a}t\-zung},
  author       = {an der Heiden, Matthias},
  year         = {2022},
  howpublished = {\url{https://github.com/robert-koch-institut/SARS-CoV-2-Nowcasting_und_-R-Schaetzung}},
  note         = {(letzter Zugriff: 2. November 2022) [Datensatz: \url{https://github.com/robert-koch-institut/SARS-CoV-2-Nowcasting_und_-R-Schaetzung/blob/main/Nowcast_R_aktuell.csv}]}
}

@misc{DIVI22,
  title        = {DIVI-Intensivregister},
  author       = {{Deutsche Interdisziplin{\"a}re Vereinigung f{\"u}r Intensiv- und Notfallmedizin} and {Robert Koch Institut}},
  howpublished = {\url{https://www.intensivregister.de/}},
  note         = {(letzter Zugriff: 2. November 2022) [Datensatz: \url{https://diviexchange.blob.core.windows.net/\%24web/zeitreihe-deutschland.csv}]},
  shorthand    = {DIVI22}
}

@misc{BMG22,
  title        = {Zeitreihe der bundesweiten Impfungen},
  author       = {{Bundesministerium f{\"u}r Gesundheit}},
  howpublished = {\url{https://impfdashboard.de/daten}},
  note         = {(letzter Zugriff: 2. November 2022) [Datensatz: \url{https://impfdashboard.de/static/data/germany_vaccinations_timeseries_v2.tsv}]},
  shorthand    = {BMG22}
}

@article{RL22,
  title   = {The effective reproductive number of the Omicron variant of SARS-CoV-2 is several times relative to Delta},
  author  = {Rockl{\"o}v, Joacim and Liu, Ying},
  journal = {Journal of Travel Medicine},
  volume  = {29},
  number  = {3},
  year    = {2022},
  month   = {03}
}

@article{Liu+21,
  title   = {The role of seasonality in the spread of COVID-19 pandemic},
  author  = {Liu, Xiaoyue and Huang, Jianping and Li, Changyu and Zhao, Yingjie and Wang, Danfeng and Huang, Zhongwei and Yang, Kehu},
  journal = {Environmental research},
  volume  = {195},
  year    = {2021}
}

@misc{IfSG22,
  title        = {Gesetz zur Verh{\"u}tung und Bek{\"a}mpfung von Infektionskrankheiten beim Menschen (Infektionsschutzgesetz - IfSG) ยง 22a Impf-, Genesenen und Testnachweis bei COVID-19; COVID-19-Zertifikate; Verordnungserm{\"a}chtigung},
  howpublished = {\url{https://www.gesetze-im-internet.de/ifsg/__22a.html} },
  year         = {2022},
  note         = {(letzter Zugriff: 2. November 2022)},
  shorthand    = {IfSG22}
}

@misc{Pri+21,
  title        = {Nachhaltige Strategien gegen die COVID-19-Pandemie in Deutschland im Winter 2021/2022},
  author       = {Priesemann, Viola and Bodenschatz, Eberhard and Ciesek, Sandra and Grill, Eva and Iftekhar, Emil N and Karagiannidis, Christian and Karch, Andr{\'e} and Kretzschmar, Mirjam and Lange, Berit and M{\"u}ller, Sebastian A and others},
  year         = {2021},
  howpublished = {\url{https://arxiv.org/pdf/2111.08000.pdf}},
  note         = {(letzter Zugriff: 2. November 2022)}
}

@misc{Cac21,
  title        = {Krankenhausstrukturen und Steuerung der Kapazit{\"a}ten in der Corona-Pandemie: ein L{\"a}ndervergleich},
  author       = {Cacace, Mirella},
  year         = {2021},
  publisher    = {Bertelsmann Stiftung},
  howpublished = {\url{https://www.bertelsmann-stiftung.de/fileadmin/files/user_upload/Studie_Krankenhausstrutkuren_Corona_Laendervergleich_final.pdf}},
  note         = {(letzter Zugriff: 2. November 2022)}
}